iacrtrancs/crypto.bib

@article{TCHES:CC24,
  author =       "Keng-Yu Chen and
			      Jiun-Peng Chen",
  volume =       2024,
  url =          "https://tches.iacr.org/index.php/TCHES/article/view/11428",
  DOI =          "10.46586/tches.v2024.i2.276-303",
  number =       {2},
  journal =      {IACR Transactions on Cryptographic Hardware and Embedded Systems},
  year =         {2024},
  month =        {Mar.},
  pages =        {276â€“303}
}


@InProceedings{CCS:BBDFGS16,
  author =       "Gilles Barthe and
                  Sonia Bela{\"i}d and
                  Fran{\c c}ois Dupressoir and
                  Pierre-Alain Fouque and
                  Benjamin Gr{\'e}goire and
                  Pierre-Yves Strub and
                  R{\'e}becca Zucchini",
  title =        "Strong Non-Interference and Type-Directed Higher-Order Masking",
  pages =        "116--129",
  editor =       ccs16ed,
  booktitle =    ccs16name,
  address =      ccs16addr,
  month =        ccs16month,
  publisher =    ccspub,
  year =         2016,
  doi =          "10.1145/2976749.2978427",
}

@Article{TCHES:BetCorZei18,
  author =       "Luk Bettale and
                  Jean-S{\'e}bastien Coron and
                  Rina Zeitoun",
  title =        "Improved High-Order Conversion From {Boolean} to Arithmetic Masking",
  pages =        "22--45",
  volume =       2018,
  publisher =    tchespub,
  year =         2018,
  journal =      tches,
  number =       2,
  doi =          "10.13154/tches.v2018.i2.22-45",
  issn =         tchesissn,
  note =         "\url{https://tches.iacr.org/index.php/TCHES/article/view/873}",
}

@Article{TCHES:BGRSv21,
  author =       "Joppe W. Bos and
                  Marc Gourjon and
                  Joost Renes and
                  Tobias Schneider and
                  Christine {van Vredendaal}",
  title =        "Masking Kyber: First- and Higher-Order Implementations",
  pages =        "173--214",
  volume =       2021,
  publisher =    tchespub,
  year =         2021,
  journal =      tches,
  number =       4,
  doi =          "10.46586/tches.v2021.i4.173-214",
  issn =         tchesissn,
  note =         "\url{https://tches.iacr.org/index.php/TCHES/article/view/9064}",
}

@InProceedings{CHES:BHLY16,
  author =       "Leon Groot Bruinderink and
                  Andreas H{\"u}lsing and
                  Tanja Lange and
                  Yuval Yarom",
  title =        "Flush, Gauss, and Reload - {A} Cache Attack on the {BLISS} Lattice-Based Signature Scheme",
  pages =        "323--345",
  editor =       ches16ed,
  booktitle =    ches16name,
  volume =       ches16vol,
  address =      ches16addr,
  month =        ches16month,
  publisher =    chespub,
  series =       mylncs,
  year =         2016,
  doi =          "10.1007/978-3-662-53140-2_16",
}


@InProceedings{FSE:CGTV15,
  author =       "Jean-S{\'e}bastien Coron and
                  Johann Gro{\ss}sch{\"a}dl and
                  Mehdi Tibouchi and
                  Praveen Kumar Vadnala",
  title =        "Conversion from Arithmetic to {Boolean} Masking with Logarithmic Complexity",
  pages =        "130--149",
  editor =       fse15ed,
  booktitle =    fse15name,
  volume =       fse15vol,
  address =      fse15addr,
  month =        fse15month,
  publisher =    fsepub,
  series =       mylncs,
  year =         2015,
  doi =          "10.1007/978-3-662-48116-5_7",
}


@InProceedings{ACNS:LDSP20,
  author =       "Huy Quoc Le and
                  Dung Hoang Duong and
                  Willy Susilo and
                  Josef Pieprzyk",
  title =        "Trapdoor Delegation and {HIBE} from Middle-Product {LWE} in Standard Model",
  pages =        "130--149",
  editor =       acns20ed,
  booktitle =    acns20name1,
  volume =       acns20vol1,
  address =      acns20addr,
  month =        acns20month,
  publisher =    acnspub,
  series =       mylncs,
  year =         2020,
  doi =          "10.1007/978-3-030-57808-4_7",
}

@Article{DifHel76,
  author =       "Whitfield Diffie and
                  Martin E. Hellman",
  title =        "New Directions in Cryptography",
  pages =        "644--654",
  journal =      infth,
  number =       6,
  volume =       22,
  year =         1976,
  doi =          {10.1109/TIT.1976.1055638},
}

@InProceedings{EC:EFGRTTWY22,
  author =       "Thomas Espitau and
                  Pierre-Alain Fouque and
                  Fran{\c c}ois G{\'e}rard and
                  M{\'e}lissa Rossi and
                  Akira Takahashi and
                  Mehdi Tibouchi and
                  Alexandre Wallet and
                  Yang Yu",
  title =        "Mitaka: {A} Simpler, Parallelizable, Maskable Variant of Falcon",
  pages =        "222--253",
  editor =       eurocrypt22ed,
  booktitle =    eurocrypt22name3,
  volume =       eurocrypt22vol3,
  address =      eurocrypt22addr,
  month =        eurocrypt22month,
  publisher =    eurocryptpub,
  series =       mylncs,
  year =         2022,
  doi =          "10.1007/978-3-031-07082-2_9",
}

@InProceedings{CCS:EFGT17,
  author =       "Thomas Espitau and
                  Pierre-Alain Fouque and
                  Beno{\^i}t G{\'e}rard and
                  Mehdi Tibouchi",
  title =        "Side-Channel Attacks on {BLISS} Lattice-Based Signatures: Exploiting Branch Tracing against {strongSwan} and Electromagnetic Emanations in Microcontrollers",
  pages =        "1857--1874",
  editor =       ccs17ed,
  booktitle =    ccs17name,
  address =      ccs17addr,
  month =        ccs17month,
  publisher =    ccspub,
  year =         2017,
  doi =          "10.1145/3133956.3134028",
}


@Article{ElGamal85,
  author =       "Taher {ElGamal}",
  title =        "A Public Key Cryptosystem and a Signature Scheme Based on Discrete Logarithms",
  journal =      infth,
  volume =       31,
  number =       4,
  pages =        "469--472",
  year =         1985,
  doi =          {10.1109/TIT.1985.1057074},
}

@Article{TCHES:FBRKSVS22,
  author =       "Tim Fritzmann and
                  Michiel Van Beirendonck and
                  Debapriya Basu Roy and
                  Patrick Karl and
                  Thomas Schamberger and
                  Ingrid Verbauwhede and
                  Georg Sigl",
  title =        "Masked Accelerators and Instruction Set Extensions for Post-Quantum Cryptography",
  pages =        "414--460",
  volume =       2022,
  publisher =    tchespub,
  year =         2022,
  journal =      tches,
  number =       1,
  doi =          "10.46586/tches.v2022.i1.414-460",
}

@Article{TCHES:GMRR22,
  author =       "Morgane Guerreau and
                  Ange Martinelli and
                  Thomas Ricosset and
                  M{\'e}lissa Rossi",
  title =        "The Hidden Parallelepiped Is Back Again: Power Analysis Attacks on Falcon",
  pages =        "141--164",
  volume =       2022,
  publisher =    tchespub,
  year =         2022,
  journal =      tches,
  number =       3,
  doi =          "10.46586/tches.v2022.i3.141-164",
}

@InProceedings{STOC:GenPeiVai08,
  author =       "Craig Gentry and
                  Chris Peikert and
                  Vinod Vaikuntanathan",
  title =        "Trapdoors for hard lattices and new cryptographic constructions",
  pages =        "197--206",
  editor =       stoc08ed,
  booktitle =    stoc08name,
  address =      stoc08addr,
  month =        stoc08month,
  publisher =    stocpub,
  year =         2008,
  doi =          "10.1145/1374376.1374407",
}

@Misc{EPRINT:HKLPSS22,
  author =       "Daniel Heinz and
                  Matthias J. Kannwischer and
                  Georg Land and
                  Thomas P{\"o}ppelmann and
                  Peter Schwabe and
                  Amber Sprenkels",
  title =        "First-Order Masked Kyber on {ARM} Cortex-{M4}",
  year =         2022,
  howpublished = "Cryptology ePrint Archive, Report 2022/058",
  note =         "\url{https://eprint.iacr.org/2022/058}",
}

@InProceedings{PQCRYPTO:HPRR20,
  author =       "James Howe and
                  Thomas Prest and
                  Thomas Ricosset and
                  M{\'e}lissa Rossi",
  title =        "Isochronous Gaussian Sampling: From Inception to Implementation",
  pages =        "53--71",
  editor =       pqcrypto20ed,
  booktitle =    pqcrypto20name,
  address =      pqcrypto20addr,
  month =        pqcrypto20month,
  publisher =    pqcryptopub,
  year =         2020,
  doi =          "10.1007/978-3-030-44223-1_5",
}

@InProceedings{C:IshSahWag03,
  author =       "Yuval Ishai and
                  Amit Sahai and
                  David Wagner",
  title =        "Private Circuits: Securing Hardware against Probing Attacks",
  pages =        "463--481",
  editor =       crypto03ed,
  booktitle =    crypto03name,
  volume =       crypto03vol,
  address =      cryptoaddr,
  month =        crypto03month,
  publisher =    cryptopub,
  series =       mylncs,
  year =         2003,
  doi =          "10.1007/978-3-540-45146-4_27",
}

@InProceedings{ACNS:MGTF19,
  author =       "Vincent Migliore and
                  Beno{\^i}t G{\'e}rard and
                  Mehdi Tibouchi and
                  Pierre-Alain Fouque",
  title =        "Masking {Dilithium} - Efficient Implementation and Side-Channel Evaluation",
  pages =        "344--362",
  editor =       acns19ed,
  booktitle =    acns19name,
  volume =       acns19vol,
  address =      acns19addr,
  month =        acns19month,
  publisher =    acnspub,
  series =       mylncs,
  year =         2019,
  doi =          "10.1007/978-3-030-21568-2_17",
}

@Misc{EPRINT:MHSBO19,
  author =       "Sarah McCarthy and
                  James Howe and
                  Neil Smyth and
                  Seamus Brannigan and
                  M{\'a}ire O'Neill",
  title =        "{BEARZ} Attack {FALCON}: Implementation Attacks with Countermeasures on the {FALCON} signature scheme",
  year =         2019,
  howpublished = "Cryptology ePrint Archive, Report 2019/478",
  note =         "\url{https://eprint.iacr.org/2019/478}",
}

@InProceedings{CCS:PesBruYar17,
  author =       "Peter Pessl and
                  Leon Groot Bruinderink and
                  Yuval Yarom",
  title =        "To {BLISS}-{B} or not to be: Attacking {strongSwan}'s Implementation of Post-Quantum Signatures",
  pages =        "1843--1855",
  editor =       ccs17ed,
  booktitle =    ccs17name,
  address =      ccs17addr,
  month =        ccs17month,
  publisher =    ccspub,
  year =         2017,
  doi =          "10.1145/3133956.3134023",
}

@techreport{NISTPQC-R3:FALCON20,
  author       = {Thomas Prest and Pierre-Alain Fouque and Jeffrey Hoffstein and Paul Kirchner and Vadim Lyubashevsky and Thomas Pornin and Thomas Ricosset and Gregor Seiler and William Whyte and Zhenfei Zhang},
  title        = {{FALCON}},
  institution  = {{N}ational {I}nstitute of {S}tandards and {T}echnology},
  year         = 2020,
  note         = {available at \url{https://csrc.nist.gov/projects/post-quantum-cryptography/post-quantum-cryptography-standardization/round-3-submissions}},
}

@Article{RivShaAdl78,
  author =       "Ronald L. Rivest and
                  Adi Shamir and
                  Leonard M. Adleman",
  title =        "A Method for Obtaining Digital Signatures and
                 Public-Key Cryptosystems",
  pages =        "120--126",
  year =         1978,
  month =        feb,
  journal =      cacm,
  volume =       21,
  number =       2,
  doi =          {10.1145/359340.359342},
}

@InProceedings{PKC:SPOG19,
  author =       "Tobias Schneider and
                  Clara Paglialonga and
                  Tobias Oder and
                  Tim G{\"u}neysu",
  title =        "Efficiently Masking Binomial Sampling at Arbitrary Orders for Lattice-Based Crypto",
  pages =        "534--564",
  editor =       pkc19ed,
  booktitle =    pkc19name2,
  volume =       pkc19vol2,
  address =      pkc19addr,
  month =        pkc19month,
  publisher =    pkcpub,
  series =       mylncs,
  year =         2019,
  doi =          "10.1007/978-3-030-17259-6_18",
}

@InProceedings{EC:ZLYW23,
  author =       "Shiduo Zhang and
                  Xiuhan Lin and
                  Yang Yu and
                  Weijia Wang",
  title =        "Improved Power Analysis Attacks on Falcon",
  pages =        "565--595",
  editor =       eurocrypt23ed,
  booktitle =    eurocrypt23name4,
  volume =       eurocrypt23vol4,
  address =      eurocrypt23addr,
  month =        eurocrypt23month,
  publisher =    eurocryptpub,
  series =       mylncs,
  year =         2023,
  doi =          "10.1007/978-3-031-30634-1_19",
}

@InProceedings{EC:BBEFGR18,
  author =       "Gilles Barthe and
                  Sonia Bela{\"i}d and
                  Thomas Espitau and
                  Pierre-Alain Fouque and
                  Benjamin Gr{\'e}goire and
                  M{\'e}lissa Rossi and
                  Mehdi Tibouchi",
  title =        "Masking the {GLP} Lattice-Based Signature Scheme at Any Order",
  pages =        "354--384",
  editor =       eurocrypt18ed,
  booktitle =    eurocrypt18name2,
  volume =       eurocrypt18vol2,
  address =      eurocrypt18addr,
  month =        eurocrypt18month,
  publisher =    eurocryptpub,
  series =       mylncs,
  year =         2018,
  doi =          "10.1007/978-3-319-78375-8_12",
}

















self-included


@ARTICLE{diffie1976,
  author={Diffie, W. and Hellman, M.},
  journal={IEEE Transactions on Information Theory}, 
  title={New directions in cryptography}, 
  year={1976},
  volume={22},
  number={6},
  pages={644-654},
  doi={10.1109/TIT.1976.1055638}}
  
@ARTICLE{elgamal1985,
  author={Elgamal, T.},
  journal={IEEE Transactions on Information Theory}, 
  title={A public key cryptosystem and a signature scheme based on discrete logarithms}, 
  year={1985},
  volume={31},
  number={4},
  pages={469-472},
  doi={10.1109/TIT.1985.1057074}}


@inproceedings{gilbert2011testing,
  title={A testing methodology for side-channel resistance validation},
  author={Gilbert Goodwill, Benjamin Jun and Jaffe, Josh and Rohatgi, Pankaj and others},
  booktitle={NIST non-invasive attack testing workshop},
  volume={7},
  pages={115--136},
  year={2011}
}

@article{Shor_1997,
	doi = {10.1137/s0097539795293172},
	url = {https://doi.org/10.1137\%2Fs0097539795293172},
	year = 1997,
	month = {oct},
	publisher = {Society for Industrial {\&} Applied Mathematics ({SIAM})},
	volume = {26},
	number = {5},
	pages = {1484--1509},
	author = {Peter W. Shor},
	title = {Polynomial-Time Algorithms for Prime Factorization and Discrete Logarithms on a Quantum Computer},
	journal = {{SIAM} Journal on Computing}
}

@article{johnson2001elliptic,
  title={The elliptic curve digital signature algorithm (ECDSA)},
  author={Johnson, Don and Menezes, Alfred and Vanstone, Scott},
  journal={International journal of information security},
  volume={1},
  number={1},
  pages={36--63},
  year={2001},
  publisher={Springer}
}

@misc{NIST_standard,
    title={Post-quantum cryptography standardization},
    note = "\url{https://csrc.nist.gov/Projects/Post-Quantum-Cryptography/Post-Quantum-Cryptography-Standardization}",
    author={National Institute of Standards and Technology.}
}

@misc{NIST_final,
    title={Post-quantum cryptography standardization},
    note = "\url{https://csrc.nist.gov/Projects/post-quantum-cryptography/selected-algorithms-2022}",
    author={National Institute of Standards and Technology.}
}

@inproceedings{o2014chipwhisperer,
  title={Chipwhisperer: An open-source platform for hardware embedded security research},
  author={Oâ€™Flynn, Colin and Chen, Zhizhang David},
  booktitle={International Workshop on Constructive Side-Channel Analysis and Secure Design},
  pages={243--260},
  year={2014},
  organization={Springer}
}

@inproceedings{ducas2016fast,
  title={Fast fourier orthogonalization},
  author={Ducas, L{\'e}o and Prest, Thomas},
  booktitle={Proceedings of the ACM on International Symposium on Symbolic and Algebraic Computation},
  pages={191--198},
  year={2016}
}

@INPROCEEDINGS{KA21,
  author={Karabulut, Emre and Aysu, Aydin},
  booktitle={2021 58th ACM/IEEE Design Automation Conference (DAC)}, 
  title={FALCON Down: Breaking FALCON Post-Quantum Signature Scheme through Side-Channel Attacks}, 
  year={2021},
  volume={},
  number={},
  pages={691-696},
  doi={10.1109/DAC18074.2021.9586131}}

@misc{
    newae,
    author={NewAE Technology Inc},
    title={ChipWhisperer-Pro (Complete Level 3 Starter Kit)},
    note={\url{https://store.newae.com/chipwhisperer-pro-complete-level-3-starter-kit/}},
    url={https://store.newae.com/chipwhisperer-pro-complete-level-3-starter-kit/}
}

@book{mangard2007,
  author       = {Stefan Mangard and
                  Elisabeth Oswald and
                  Thomas Popp},
  title        = {Power analysis attacks - revealing the secrets of smart cards},
  publisher    = {Springer},
  year         = {2007},
  isbn         = {978-0-387-30857-9},
  timestamp    = {Mon, 21 Feb 2011 15:21:51 +0100},
  biburl       = {https://dblp.org/rec/books/daglib/0017272.bib},
  bibsource    = {dblp computer science bibliography, https://dblp.org}
}

@techreport{ISO17825,
address = {Geneva, CH},
type = {Standard},
title = {Information technology â€” Security techniques â€” Testing methods for the mitigation of non-invasive attack classes against cryptographic modules},
url = {https://www.iso.org/standard/60612.html},
language = {en},
number = {ISO/IEC 17825:2016},
institution = {International Organization for Standardization},
author = {{ISO Central Secretary}},
year = {2016}
}

@inproceedings{ding2018towards,
  author       = {A. Adam Ding and
                  Liwei Zhang and
                  Fran{\c{c}}ois Durvaux and
                  Fran{\c{c}}ois{-}Xavier Standaert and
                  Yunsi Fei},
  editor       = {Thomas Eisenbarth and
                  Yannick Teglia},
  title        = {Towards Sound and Optimal Leakage Detection Procedure},
  booktitle    = {Smart Card Research and Advanced Applications - 16th International
                  Conference, {CARDIS} 2017, Lugano, Switzerland, November 13-15, 2017,
                  Revised Selected Papers},
  series       = {Lecture Notes in Computer Science},
  volume       = {10728},
  pages        = {105--122},
  publisher    = {Springer},
  year         = {2017},
  url          = {https://doi.org/10.1007/978-3-319-75208-2\_7},
  doi          = {10.1007/978-3-319-75208-2\_7},
  timestamp    = {Sun, 02 Oct 2022 15:56:00 +0200},
  biburl       = {https://dblp.org/rec/conf/cardis/DingZDSF17.bib},
  bibsource    = {dblp computer science bibliography, https://dblp.org}
}

@INPROCEEDINGS{IEEE:7223170,
  author={BelaÃ¯d, Sonia and Bettale, Luk and Dottax, Emmanuelle and Genelle, Laurie and Rondepierre, Franck},
  booktitle={2013 International Conference on Security and Cryptography (SECRYPT)}, 
  title={Differential power analysis of HMAC SHA-2 in the Hamming weight model}, 
  year={2013},
  volume={},
  number={},
  pages={1-12},
  doi={}}

@inproceedings{bertoni2010building,
  title={Building power analysis resistant implementations of Keccak},
  author={Bertoni, Guido and Daemen, Joan and Peeters, Micha{\"e}l and Van Assche, Gilles},
  booktitle={Second SHA-3 candidate conference},
  volume={142},
  year={2010},
  organization={Citeseer}
}

@article{babai1986lovasz,
  title={On Lov{\'a}szâ€™lattice reduction and the nearest lattice point problem},
  author={Babai, L{\'a}szl{\'o}},
  journal={Combinatorica},
  volume={6},
  number={1},
  pages={1--13},
  year={1986},
  publisher={Springer}
}

@inproceedings{nguyen2006learning,
  title={Learning a parallelepiped: Cryptanalysis of GGH and NTRU signatures},
  author={Nguyen, Phong Q and Regev, Oded},
  booktitle={Annual International Conference on the Theory and Applications of Cryptographic Techniques},
  pages={271--288},
  year={2006},
  organization={Springer}
}

@inproceedings{klein2000finding,
  title={Finding the closest lattice vector when it's unusually close},
  author={Klein, Philip},
  booktitle={Proceedings of the eleventh annual ACM-SIAM symposium on Discrete algorithms},
  pages={937--941},
  year={2000}
}
